@online{HZB,
 author   = {Epic Games},
 title     = {HZB Setup Mips taking considerable time in GPU Visualizer},
 url       = {https://issues.unrealengine.com/issue/UE-33448  [Accessed 09-04-2018]},
}

@online{HZBDX10,
 author   = {Epic Games},
 title     = {HZB Setup Mips taking considerable time in GPU Visualizer},
 url       = {https://issues.unrealengine.com/issue/UE-33448  [Accessed 09-04-2018]},
}