@online{Intel,
 author   = {Errin M. and Jeff Rous},
 title     = {Unreal Engine 4 Optimization Tutorial},
 url       = {https://software.intel.com/en-us/articles/unreal-engine-4-optimization-tutorial-part-1  [Accessed 18-03-2018]},
}
@online{UEPer,
 author   = {Errin M. and Jeff Rous},
 title     = {Performance and Profiling},
 url       = {https://docs.unrealengine.com/en-us/Engine/Performance  [Accessed 18-03-2018]},
}

@online{UEYouTube,
 author   = {Epic Games},
 title     = {Optimizing Your Game | Live Training | Unreal Engine Livestream},
 url       = {https://www.youtube.com/watch?v=U0p8EY07_mc  [Accessed 18-03-2018]},
}

@online{BlogUnreal,
 author   = {Bob Tellez},
 title     = {UHow to improve game thread CPU performance in Unreal Engine},
 url       = {https://www.unrealengine.com/en-US/blog/how-to-improve-game-thread-cpu-performance   [Accessed 18-03-2018]},
}

@online{UEGPU,
 author   = {Epic Games},
 title     = {GPU Profiling},
 url       = {https://docs.unrealengine.com/en-us/Engine/Performance/GPU  [Accessed 18-03-2018]},
}

@online{UECPU,
 author   = {Epic Games},
 title     = {CPU Profilingl},
 url       = {https://docs.unrealengine.com/en-us/Engine/Performance/CPU [Accessed 18-03-2018]},
}

@online{Content,
 author   = {Martin Thorzen},
 title     = {The Witcher 3: Optimizing Content Pipelines for Open-World Games},
 url       = {https://www.youtube.com/watch?v=p8CMYD_5gE8  [Accessed 18-03-2018]},
}

@online{UEPerformance,
 author   = {Zak Parrish},
 title     = {UE4 Performance and Profiling | Unreal Dev Day Montreal 2017 | Unreal Engine},
 url       = {https://www.youtube.com/watch?v=hcxetY8g_fs  [Accessed 18-03-2018]},
}


